<record><leader>00000cas a22000007a 4500</leader><controlfield tag="001">1645857</controlfield><controlfield tag="008">750921d18801881mnuwr ne      0    0eng d</controlfield><datafield ind1=" " ind2=" " tag="010"><subfield code="a">sn 91059237 </subfield></datafield><datafield ind1=" " ind2=" " tag="040"><subfield code="a">MUL</subfield><subfield code="b">eng</subfield><subfield code="c">MUL</subfield><subfield code="d">MN#</subfield><subfield code="d">OCLCQ</subfield><subfield code="d">OCLCF</subfield><subfield code="d">OCLCO</subfield></datafield><datafield ind1="1" ind2=" " tag="029"><subfield code="a">AU@</subfield><subfield code="b">000025889680</subfield></datafield><datafield ind1=" " ind2=" " tag="042"><subfield code="a">msc</subfield></datafield><datafield ind1=" " ind2=" " tag="043"><subfield code="a">n-us-mn</subfield></datafield><datafield ind1=" " ind2=" " tag="052"><subfield code="a">4144</subfield><subfield code="b">C93</subfield></datafield><datafield ind1=" " ind2=" " tag="052"><subfield code="a">4143</subfield><subfield code="b">M8</subfield></datafield><datafield ind1="0" ind2=" " tag="130"><subfield code="a">Murray County pioneer (Currie, Minn. : 1880)</subfield></datafield><datafield ind1="0" ind2="4" tag="245"><subfield code="a">The Murray County pioneer.</subfield></datafield><datafield ind1=" " ind2=" " tag="260"><subfield code="a">Currie, Minn. :</subfield><subfield code="b">Chas. Bromwich,</subfield><subfield code="c">1880-1881.</subfield></datafield><datafield ind1=" " ind2=" " tag="300"><subfield code="a">2 v.</subfield></datafield><datafield ind1=" " ind2=" " tag="310"><subfield code="a">Weekly</subfield></datafield><datafield ind1="0" ind2=" " tag="362"><subfield code="a">Vol. 3, no. 19 (May 27, 1880)-v. 4, no. 22 (July 7, 1881).</subfield></datafield><datafield ind1=" " ind2=" " tag="530"><subfield code="a">Available on microfilm from the Minnesota Historical Society.</subfield></datafield><datafield ind1=" " ind2="0" tag="651"><subfield code="a">Murray County (Minn.)</subfield><subfield code="v">Newspapers.</subfield></datafield><datafield ind1=" " ind2="7" tag="655"><subfield code="a">Newspapers.</subfield><subfield code="2">fast</subfield><subfield code="0">(OCoLC)fst01423814</subfield></datafield><datafield ind1=" " ind2="7" tag="651"><subfield code="a">Minnesota</subfield><subfield code="z">Murray County.</subfield><subfield code="2">fast</subfield><subfield code="0">(OCoLC)fst01214824</subfield></datafield><datafield ind1=" " ind2=" " tag="752"><subfield code="a">United States</subfield><subfield code="b">Minnesota</subfield><subfield code="c">Murray</subfield><subfield code="d">Currie.</subfield></datafield><datafield ind1="0" ind2="0" tag="780"><subfield code="t">Currie pioneer (Currie, Minn. : 1878)</subfield><subfield code="w">(DLC)sn 91059239</subfield></datafield><datafield ind1="0" ind2="4" tag="785"><subfield code="t">Southwest Minnesotian (Currie, Minn.)</subfield><subfield code="w">(DLC)sn 91059241</subfield></datafield></record>